<?xml version="1.0" encoding="UTF-8"?><collection><record><leader>02953ntm a2200421 a 4500</leader><controlfield tag="001">002590527</controlfield><controlfield tag="003">MiAaHDL</controlfield><controlfield tag="005">20190719000000.0</controlfield><controlfield tag="006">m        d        </controlfield><controlfield tag="007">cr bn ---auaua</controlfield><controlfield tag="008">930119s16uu    xx            00||  ara d</controlfield><datafield tag="035" ind1=" " ind2=" "><subfield code="a">(MiU)002590527</subfield></datafield><datafield tag="035" ind1=" " ind2=" "><subfield code="a">sdr-miu002590527</subfield></datafield><datafield tag="035" ind1=" " ind2=" "><subfield code="a">(RLIN)MIUH92-A73</subfield></datafield><datafield tag="040" ind1=" " ind2=" "><subfield code="a">MiU</subfield><subfield code="c">MiU</subfield><subfield code="e">appm</subfield></datafield><datafield tag="100" ind1="1" ind2=" "><subfield code="6">880-01</subfield><subfield code="a">Sibṭ al-Māridīnī, Badr al-Dīn Muḥammad ibn Muḥammad,</subfield><subfield code="d">1423-</subfield></datafield><datafield tag="240" ind1="1" ind2="0"><subfield code="6">880-02</subfield><subfield code="a">Kifāyat al-qanūʻ fī al-ʻamal bi-al-rubʻ al-maqṭūʻ</subfield></datafield><datafield tag="245" ind1="1" ind2="0"><subfield code="6">880-03</subfield><subfield code="a">Kifāyat al-qanūʻ :</subfield><subfield code="k">manuscript,</subfield><subfield code="f">[17th century?].</subfield></datafield><datafield tag="300" ind1=" " ind2=" "><subfield code="a">1</subfield><subfield code="f">v. ([47] p.) ;</subfield><subfield code="c">16 cm.</subfield></datafield><datafield tag="500" ind1=" " ind2=" "><subfield code="a">Watermarks: Three hats; initials AFG in roman.</subfield></datafield><datafield tag="500" ind1=" " ind2=" "><subfield code="a">Text rubricated and has overlining in red; marginal notes in hand of copyist and others.</subfield></datafield><datafield tag="500" ind1=" " ind2=" "><subfield code="a">For a complete copy of this work see Mich. Isl. Ms. 750,1.</subfield></datafield><datafield tag="500" ind1=" " ind2=" "><subfield code="a">Pp. [2-21]. Bound with: Badr al-Dīn Muḥammad ibn Muḥammad Sibṭ al-Māridīnī, Risālah fī al-ʻamal bi-al-rubʻ al-mujayyab, pp. [24-47].</subfield></datafield><datafield tag="510" ind1="4" ind2=" "><subfield code="a">GAL,</subfield><subfield code="c">v. II, p. 217; GAL, Suppl. II, p. 216; King, Survey, p. 80.</subfield></datafield><datafield tag="520" ind1=" " ind2=" "><subfield code="a">Abridgment by the author of his Iẓhār al-sirr al-mawḍūʻ fī al-ʻamal bi-al-rubʻ al-maqṭūʻ, "on the use of the almucantar quadrant." David A. King, A Survey of the Scientific Manuscripts in the Egyptian National Library (Winona Lake, 1986), p. 80. Copy defective; text missing from end of bāb 10 tobāb 15.</subfield></datafield><datafield tag="538" ind1=" " ind2=" "><subfield code="a">Mode of access: Internet.</subfield></datafield><datafield tag="541" ind1=" " ind2=" "><subfield code="d">07/--/36</subfield><subfield code="3">Manuscript</subfield><subfield code="a">McGregor Fund</subfield><subfield code="c">Purchase, 1933/34</subfield></datafield><datafield tag="545" ind1=" " ind2=" "><subfield code="a">Egyptian astronomer and author of numerous works on astronomy and mathematics; muwaqqit (timekeeper) at the al-Azhar mosque in Cairo; disciple of Shihāb al-Dīn Abū al-ʻAbbās Aḥmad ibn Rajab al-Qāhirī ibn al-Majdī (1365-1447); grandson of Jamāl al-Dīn ʻAbd Allāh ibn Khalīl al-Qāhirī al-Māridīnī (d. 1406).</subfield></datafield><datafield tag="561" ind1=" " ind2=" "><subfield code="a">Purchased in Cairo, 1933/34.</subfield></datafield><datafield tag="600" ind1="1" ind2="0"><subfield code="6">880-04</subfield><subfield code="a">Sibṭ al-Māridīnī, Badr al-Dīn Muḥammad ibn Muḥammad,</subfield><subfield code="d">b. 1423.</subfield><subfield code="t">Iẓhār al-sirr al-mawḍūʻ fī al-ʻamal bi-al-rubʻ al-maqṭūʻ.</subfield></datafield><datafield tag="650" ind1=" " ind2="0"><subfield code="a">Astronomical instruments</subfield><subfield code="y">Early works to 1800.</subfield></datafield><datafield tag="650" ind1=" " ind2="0"><subfield code="a">Quadrants (Astronomical instruments)</subfield><subfield code="v">Early works to 1800.</subfield></datafield><datafield tag="650" ind1=" " ind2="0"><subfield code="a">Almucantar</subfield><subfield code="y">Early works to 1800.</subfield></datafield><datafield tag="650" ind1=" " ind2="0"><subfield code="a">Manuscripts, Arabic</subfield><subfield code="z">Michigan</subfield><subfield code="z">Ann Arbor.</subfield></datafield><datafield tag="773" ind1="0" ind2=" "><subfield code="a">Tracy W. McGregor Collection of Arabic, Persian, and Turkish Mathematical and Astronomical Manuscripts.</subfield><subfield code="7">unbc</subfield><subfield code="w">(CStRLIN)MIUH92-A20.</subfield></datafield><datafield tag="880" ind1="0" ind2="0"><subfield code="6">600-04/</subfield><subfield code="a">بدر الدين محمد بن محمد سبط المارديني.</subfield><subfield code="t">إظهار السر الموضوع في العمل بالربع المقطوع.</subfield></datafield><datafield tag="880" ind1="1" ind2="0"><subfield code="6">245-03/</subfield><subfield code="a">كفاية القنوع :</subfield><subfield code="k">manuscript،</subfield><subfield code="f">[القرن 17م؟].</subfield></datafield><datafield tag="880" ind1="1" ind2="0"><subfield code="6">240-02/</subfield><subfield code="a">كفاية القنوع في العمل بالربع المقطوع</subfield></datafield><datafield tag="880" ind1="0" ind2=" "><subfield code="6">100-01/</subfield><subfield code="a">بدر الدين محمد بن محمد سبط المارديني.</subfield></datafield><datafield tag="CID" ind1=" " ind2=" "><subfield code="a">002590527</subfield></datafield><datafield tag="DAT" ind1="0" ind2=" "><subfield code="a">20190719102632.0</subfield><subfield code="b">20190719000000.0</subfield></datafield><datafield tag="DAT" ind1="1" ind2=" "><subfield code="a">20190719090653.0</subfield><subfield code="b">2019-07-19T16:10:39Z</subfield></datafield><datafield tag="DAT" ind1="2" ind2=" "><subfield code="a">2015-10-02T18:00:03Z</subfield></datafield><datafield tag="CAT" ind1=" " ind2=" "><subfield code="a">SDR-MIU</subfield><subfield code="d">EX LIBRIS - ALEPH</subfield><subfield code="l">prepare.pl-004-008</subfield></datafield><datafield tag="FMT" ind1=" " ind2=" "><subfield code="a">BK</subfield></datafield><datafield tag="HOL" ind1=" " ind2=" "><subfield code="0">sdr-miu002590527</subfield><subfield code="a">MiU</subfield><subfield code="b">SDR</subfield><subfield code="c">MIU</subfield><subfield code="p">mdp.39015081447842</subfield><subfield code="s">MIU</subfield><subfield code="1">002590527</subfield></datafield><datafield tag="974" ind1=" " ind2=" "><subfield code="b">MIU</subfield><subfield code="c">MIU</subfield><subfield code="d">20190719</subfield><subfield code="s">lit-dlps-dc</subfield><subfield code="u">mdp.39015081447842</subfield><subfield code="y">1699</subfield><subfield code="r">pd</subfield><subfield code="q">bib</subfield><subfield code="t">non-US bib date1 &lt; 1896</subfield></datafield></record></collection>